@InProceedings{weston99svms,
	author = {Jason Weston and Chris Watkins},
	title = {Support Vector Machines for Multi-class Pattern
	Recognition},
	year = 1999,
	booktitle = {Proc. European Symposium on Artificial Neural Networks},
	pages = {219--224},
}

@article{DBLP:journals/corr/ConneauSBL16,
	author    = {Alexis Conneau and
	Holger Schwenk and
	Lo{\"{\i}}c Barrault and
	Yann LeCun},
	title     = {Very Deep Convolutional Networks for Natural Language Processing},
	journal   = {CoRR},
	volume    = {abs/1606.01781},
	year      = {2016},
	url       = {http://arxiv.org/abs/1606.01781},
	timestamp = {Fri, 01 Jul 2016 17:39:49 +0200},
	biburl    = {http://dblp.uni-trier.de/rec/bib/journals/corr/ConneauSBL16},
	bibsource = {dblp computer science bibliography, http://dblp.org}
}